% This file was created with JabRef 2.10.
% Encoding: UTF-8


@Manual{hid-sp18-516-las-handbook,
  Title                    = {Handbook of Clouds and Big Data},

  Address                  = {Bloomington, IN 47408},
  Author                   = {Gregor von Laszewski and Geoffrey C. Fox and Judy Qiu},
  Edition                  = {2},
  Month                    = apr,
  Organization             = {Indiana University},
  Year                     = {2018},

  Url                      = {http://cyberaide.org/papers/vonLaszewski-bigdata.pdf}
}

@Misc{hid-sp18-516-www-libcloud,
  Title                    = {Welcome to Apache Libcloud's documentation!},

  Author                   = {Apache Libcloud},
  HowPublished             = {Web Page},
  Note                     = {Accessed: 2018-03-26},
  Year                     = {2018},

  Owner                    = {spathan},
  Timestamp                = {2018.03.31},
  Url                      = {http://libcloud.readthedocs.io/en/latest/index.html}
}

@Misc{hid-sp18-516-www-libcloud-compute,
  Title                    = {Compute},

  Author                   = {Apache Libcloud},
  HowPublished             = {Web Page},
  Note                     = {Accessed: 2018-04-01},
  Year                     = {2013},

  Owner                    = {spathan},
  Timestamp                = {2018.04.22},
  Url                      = {http://libcloud.readthedocs.io/en/v0.14.0/compute/index.html}
}

@Misc{hid-sp18-516-www-libcloud-openstack,
  Title                    = {OpenStack Compute Driver Documentation},

  Author                   = {Apache Libcloud},
  HowPublished             = {Web Page},
  Note                     = {Accessed: 2018-04-01},
  Year                     = {2013},

  Owner                    = {spathan},
  Timestamp                = {2018.04.22},
  Url                      = {http://libcloud.readthedocs.io/en/v0.14.0/compute/drivers/openstack.html}
}

@Misc{hid-sp18-516-www-opensource,
  Title                    = {What is OpenStack?},

  Author                   = {opensource.com},
  HowPublished             = {Web Page},
  Note                     = {Accessed: 2018-04-20},
  Year                     = {2018},

  Owner                    = {spathan},
  Timestamp                = {2018.04.22},
  Url                      = {https://opensource.com/resources/what-is-openstack}
}

@Misc{hid-sp18-516-www-manageips,
  Title                    = {Manage IP addresses},

  Author                   = {openstack},
  HowPublished             = {Web Page},
  Note                     = {Accessed: 2018-03-17},
  Year                     = {2018},

  Owner                    = {spathan},
  Timestamp                = {2018.04.22},
  Url                      = {https://docs.openstack.org/ocata/user-guide/cli-manage-ip-addresses.html}
}

@Misc{hid-sp18-516-www-openrc,
  Title                    = {Set environment variables using the OpenStack RC file},

  Author                   = {OpenStack},
  HowPublished             = {Web Page},
  Note                     = {Accessed: 2018-03-20},
  Year                     = {2018},

  Owner                    = {spathan},
  Timestamp                = {2018.04.22},
  Url                      = {https://docs.openstack.org/ocata/user-guide/common/cli-set-environment-variables-using-openstack-rc.html}
}

@Misc{hid-sp18-516-www-openstack,
  Title                    = {Software},

  Author                   = {OpenStack},
  HowPublished             = {Web Page},
  Note                     = {Accessed: 2018-03-08},
  Year                     = {2018},

  Owner                    = {spathan},
  Timestamp                = {2018.03.31},
  Url                      = {https://www.openstack.org/software/}
}

@Misc{hid-sp18-516-www-secgroup,
  Title                    = {Configure access and security for instances},

  Author                   = {OpenStack},
  HowPublished             = {Web Page},
  Note                     = {Accessed: 2018-03-17},
  Year                     = {2018},

  Owner                    = {spathan},
  Timestamp                = {2018.04.22},
  Url                      = {https://docs.openstack.org/ocata/user-guide/cli-nova-configure-access-security-for-instances.html}
}

@Misc{hid-sp18-516-www-libcloud-functions,
  Title                    = {OpenStack Compute Driver Documentation},

  Author                   = {OpenStack},
  HowPublished             = {Web Page},
  Note                     = {Accessed: 2018-04-01},
  Year                     = {2013},

  Owner                    = {spathan},
  Timestamp                = {2018.04.22},
  Url                      = {http://libcloud.readthedocs.io/en/latest/compute/drivers/openstack.html}
}

@Misc{hid-sp18-516-www-swagger,
  Title                    = {What Is OpenAPI?},

  Author                   = {Swagger},
  HowPublished             = {Web Page},
  Note                     = {Accessed: 2018-02-01},
  Year                     = {2018},

  Owner                    = {spathan},
  Timestamp                = {2018.04.22},
  Url                      = {https://swagger.io/docs/specification/about/}
}

@Misc{hid-sp18-516-www-cloud-init,
  Title                    = {CloudInit},

  Author                   = {Ubuntu},
  HowPublished             = {Web Page},
  Month                    = {03},
  Note                     = {Accessed: 2018-04-20},
  Year                     = {2014},

  Owner                    = {spathan},
  Timestamp                = {2018.04.26},
  Url                      = {https://help.ubuntu.com/community/CloudInit}
}

@Misc{hid-sp18-516-www-wiki-openstack,
  Title                    = {OpenStack},

  Author                   = {Wikipedia},
  HowPublished             = {Web Page},
  Month                    = {04},
  Year                     = {2018},

  Owner                    = {spathan},
  Timestamp                = {2018.04.22},
  Url                      = {https://en.wikipedia.org/wiki/OpenStack}
}

@InCollection{hid-sp18-516-nist-vol8,
  Title                    = {NIST Big Data Interoperability Framework:
Volume 8, Reference Architecture Interface},
  Year                     = {2018},

  Owner                    = {spathan},
  Timestamp                = {2018.04.22}
}

